4267 5788
733 381 169 294 I

939 405 2375 167 Cy commencent les chappitres ꝺes tiltres ꝺe leuure suy

970 549 2341 145 uant nombreʒ/pour trouuer plus legierement la matiere

701 668 850 148 ꝺeꝺens comprinse.

711 935 2616 190 Cy comence le premier liure qui contient trois parties par

704 1077 1535 167 les chappitres suyuament ꝺeclareʒ.

720 1334 2604 190 La premiere partie ꝺu premier liure contient cinq chapitres

701 1498 2130 158 et parle ꝺu comencement ꝺe france et ꝺu roy cloys

714 1742 2616 196 Des roix de france paiens iusques au roy cloys le premier

704 1890 2015 200 roy de france cristianne/Le premier chappitre.

717 2147 2620 164 Coment le roy cloys payen eut a femme la noble clotilꝺis

707 2289 2630 190 fille ꝺu roy ꝺe bourgongnie et asseʒ merueilleusemet/Le seconꝺ

704 2430 419 164 chapitre

714 2684 2635 174 Coment le roy fut aꝺmoneste ꝺe la royne clotilꝺis affectueu

711 2832 2635 177 sement quil ꝺeust croire en la foy cristienne et aultres matieres

704 2958 843 180 Le tiers chappitre.

730 3215 2613 187 Coment le roy cloys fut victorieulx ꝺe ses ennemis pour ce

714 3366 1696 174 quil creut en ibucrist/Le quart chapitre.

724 3604 2625 196 Coment le roy fut baptiʒe par saint remy/et en son baptesme

720 3775 2626 144 miraculeusement fut aportee la sainte ampole par langel ꝺe pa

727 3906 2616 155 raꝺis ꝺonc apres tous les roix ꝺe france sont oingʒ en leur con

720 4032 1471 161 secracion a Rains/Le.ve.chapitre.

756 4312 2587 205 La seconꝺe partie ꝺu premiez liure contient cinq chappitres
